% This file was created with JabRef 2.10.
% Encoding: Cp1252

@online{luajit-src,
  author = {Mike Pall},
  title = {LuaJIT source code},
  year = 2017,
  url = {https://github.com/LuaJIT/LuaJIT},
  urldate = {17-10-2017}
}

@online{luajit,
  author = {Mike Pall},
  title = {LuaJIT website},
  year = 2017,
  url = {http://luajit.org},
  urldate = {17-10-2017}
}

@online{flamegraph,
  author = {Brendan D. Gregg},
  title = {Flame graphs : software profiling visualization tool},
  year = 2017,
  url = {http://www.brendangregg.com/flamegraphs.html},
  urldate = {17-10-2017}
}

@online{dynasm,
  author = {Peter Cawley},
  title = {The Unofficial DynASM Documentation},
  year = 2017,
  url = {http://corsix.github.io/dynasm-doc/index.html},
  urldate = {17-10-2017}
}
